[gd_scene load_steps=12 format=2]

[ext_resource path="res://assets/graphics/user_interface/buttons/return.png" type="Texture" id=1]
[ext_resource path="res://assets/graphics/user_interface/buttons/musicOn.png" type="Texture" id=2]
[ext_resource path="res://assets/graphics/user_interface/buttons/audioOn.png" type="Texture" id=3]
[ext_resource path="res://src/Scenes/Screens/BaseScreen.tscn" type="PackedScene" id=4]
[ext_resource path="res://assets/fonts/Xolonium-Regular.ttf" type="DynamicFontData" id=5]

[sub_resource type="StyleBoxEmpty" id=1]

[sub_resource type="StyleBoxEmpty" id=2]

[sub_resource type="StyleBoxEmpty" id=3]

[sub_resource type="StyleBoxEmpty" id=4]

[sub_resource type="StyleBoxEmpty" id=5]

[sub_resource type="DynamicFont" id=6]
size = 32
font_data = ExtResource( 5 )

[node name="SettingsScreen" instance=ExtResource( 4 )]

[node name="Label" parent="MarginContainer/VBoxContainer" index="0"]
text = "Settings"

[node name="Buttons" parent="MarginContainer/VBoxContainer" index="1"]
margin_bottom = 328.0

[node name="Sound" type="TextureButton" parent="MarginContainer/VBoxContainer/Buttons" index="0" groups=[
"buttons",
]]
margin_left = 95.0
margin_right = 195.0
margin_bottom = 100.0
texture_normal = ExtResource( 3 )

[node name="Music" type="TextureButton" parent="MarginContainer/VBoxContainer/Buttons" index="1" groups=[
"buttons",
]]
margin_left = 245.0
margin_right = 345.0
margin_bottom = 100.0
texture_normal = ExtResource( 2 )

[node name="Buttons2" parent="MarginContainer/VBoxContainer" index="2"]
margin_top = 478.0
margin_bottom = 517.0

[node name="Ads" type="Button" parent="MarginContainer/VBoxContainer/Buttons2" index="0" groups=[
"buttons",
]]
margin_left = 121.0
margin_right = 319.0
margin_bottom = 39.0
custom_styles/hover = SubResource( 1 )
custom_styles/pressed = SubResource( 2 )
custom_styles/focus = SubResource( 3 )
custom_styles/disabled = SubResource( 4 )
custom_styles/normal = SubResource( 5 )
custom_fonts/font = SubResource( 6 )
text = "Disable Ads"

[node name="Buttons3" parent="MarginContainer/VBoxContainer" index="3"]
margin_top = 667.0
margin_bottom = 767.0

[node name="Home" type="TextureButton" parent="MarginContainer/VBoxContainer/Buttons3" index="0" groups=[
"buttons",
]]
margin_left = 170.0
margin_right = 270.0
margin_bottom = 100.0
texture_normal = ExtResource( 1 )
