[gd_scene load_steps=12 format=2]

[ext_resource path="res://src/Actors/CircleGlow.shader" type="Shader" id=1]
[ext_resource path="res://src/Actors/Circle.gd" type="Script" id=2]
[ext_resource path="res://src/Actors/Color.shader" type="Shader" id=3]
[ext_resource path="res://assets/fonts/Xolonium.tres" type="DynamicFont" id=4]
[ext_resource path="res://assets/audio/actors/89.ogg" type="AudioStream" id=5]
[ext_resource path="res://assets/graphics/actors/circle_1.png" type="Texture" id=6]

[sub_resource type="ShaderMaterial" id=1]
shader = ExtResource( 1 )
shader_param/color = Color( 0.235294, 0.878431, 0.027451, 1 )
shader_param/speed = 0.0
shader_param/radius = 0.295
shader_param/width = 0.135

[sub_resource type="ShaderMaterial" id=2]
shader = ExtResource( 3 )
shader_param/color = Color( 0.235294, 0.878431, 0.027451, 1 )

[sub_resource type="CircleShape2D" id=3]
radius = 134.83

[sub_resource type="Animation" id=4]
length = 0.5
step = 0.01
tracks/0/type = "value"
tracks/0/path = NodePath("SpriteEffect:visible")
tracks/0/interp = 1
tracks/0/loop_wrap = true
tracks/0/imported = false
tracks/0/enabled = true
tracks/0/keys = {
"times": PoolRealArray( 0, 0.5 ),
"transitions": PoolRealArray( 1, 1 ),
"update": 1,
"values": [ true, false ]
}
tracks/1/type = "value"
tracks/1/path = NodePath("SpriteEffect:scale")
tracks/1/interp = 1
tracks/1/loop_wrap = true
tracks/1/imported = false
tracks/1/enabled = true
tracks/1/keys = {
"times": PoolRealArray( 0, 0.5 ),
"transitions": PoolRealArray( 1, 1 ),
"update": 0,
"values": [ Vector2( 2, 2 ), Vector2( 1e-05, 1e-05 ) ]
}
tracks/2/type = "value"
tracks/2/path = NodePath("SpriteEffect:self_modulate")
tracks/2/interp = 1
tracks/2/loop_wrap = true
tracks/2/imported = false
tracks/2/enabled = true
tracks/2/keys = {
"times": PoolRealArray( 0, 0.5 ),
"transitions": PoolRealArray( 1, 1 ),
"update": 0,
"values": [ Color( 1, 1, 1, 0 ), Color( 1, 1, 1, 0.560784 ) ]
}

[sub_resource type="Animation" id=5]
length = 0.4
tracks/0/type = "value"
tracks/0/path = NodePath(".:scale")
tracks/0/interp = 1
tracks/0/loop_wrap = true
tracks/0/imported = false
tracks/0/enabled = true
tracks/0/keys = {
"times": PoolRealArray( 0, 0.4 ),
"transitions": PoolRealArray( 1, 1 ),
"update": 0,
"values": [ Vector2( 1, 1 ), Vector2( 1e-05, 1e-05 ) ]
}
tracks/1/type = "value"
tracks/1/path = NodePath(".:modulate")
tracks/1/interp = 1
tracks/1/loop_wrap = true
tracks/1/imported = false
tracks/1/enabled = true
tracks/1/keys = {
"times": PoolRealArray( 0, 0.4 ),
"transitions": PoolRealArray( 1, 1 ),
"update": 0,
"values": [ Color( 1, 1, 1, 1 ), Color( 1, 1, 1, 0 ) ]
}

[node name="Circle" type="Area2D" groups=[
"circles",
]]
position = Vector2( -4.43213, -1.10803 )
script = ExtResource( 2 )

[node name="Sprite" type="Sprite" parent="."]
material = SubResource( 1 )
texture = ExtResource( 6 )

[node name="SpriteEffect" type="Sprite" parent="."]
visible = false
modulate = Color( 1, 1, 1, 0.603922 )
self_modulate = Color( 1, 1, 1, 0 )
material = SubResource( 2 )
scale = Vector2( 2, 2 )
texture = ExtResource( 6 )

[node name="CollisionShape2D" type="CollisionShape2D" parent="."]
visible = false
shape = SubResource( 3 )

[node name="Pivot" type="Node2D" parent="."]

[node name="OrbitPosition" type="Position2D" parent="Pivot"]

[node name="AnimationPlayer" type="AnimationPlayer" parent="."]
anims/capture = SubResource( 4 )
anims/implode = SubResource( 5 )

[node name="Label" type="Label" parent="."]
anchor_left = 0.5
anchor_top = 0.5
anchor_right = 0.5
anchor_bottom = 0.5
margin_left = -22.5
margin_top = -39.0
margin_right = 22.5
margin_bottom = 39.0
custom_fonts/font = ExtResource( 4 )
text = "1"
align = 1
valign = 1
__meta__ = {
"_edit_use_anchors_": false
}

[node name="Beep" type="AudioStreamPlayer" parent="."]
stream = ExtResource( 5 )

[node name="MoveTween" type="Tween" parent="."]
[connection signal="tween_completed" from="MoveTween" to="." method="set_tween"]
